% For online sources, can follow the following example.
% Note that wrapping text with an extra {} makes it verbatim in the reference output.
% For example, titles are normally in sentence-casing no matter what you put in here, but if you add {{IEEE Code of Ethics}} instead of {IEEE Code of Ethics} it comes out as "IEEE Code of Ethics" instead of Ieee Code of Ethics.

@article{IEEEethics,
  author = {IEEE},
  title = {{"IEEE Code of Ethics"}},
  year = {2016},
  url = {https://www.ieee.org/about/corporate/governance/p7-8.html},
  urldate = {2023-03-10},
}

@article{keogh2006injury,
title={Injury prevalence and severity in fitness athletes: Association with training experience},
author={Keogh, J. W. and Winwood, P. W. and Nikolaidis, P. T.},
journal={Journal of Strength and Conditioning Research},
volume={20},
number={4},
pages={855--860},
year={2006},
}

@article{li2019real,
  title={A real-time visual feedback system for squat exercise using Kinect and UR3 robot},
  author={Li, Kewei and Zhang, Kexin and Lv, Yigang and Wang, Xuecheng},
  journal={Journal of Sports Engineering and Technology},
  volume={233},
  number={2},
  pages={89--97},
  year={2019},
  publisher={Taylor \& Francis}
}

@article{liu2021robotics,
  title={Robotics in fitness and rehabilitation: A review},
  author={Liu, Chunxi and Cui, Qianqian and Zhang, Jianwei},
  journal={Journal of Healthcare Engineering},
  volume={2021},
  pages={1--14},
  year={2021},
  publisher={Hindawi}
}

